<record><leader>00000cas a2200000 a 4500</leader><controlfield tag="001">9267152</controlfield><controlfield tag="008">830301d18611906maudn ne      0    0eng c</controlfield><datafield ind1=" " ind2=" " tag="010"><subfield code="a">sn 83020097 </subfield></datafield><datafield ind1=" " ind2=" " tag="040"><subfield code="a">NPX</subfield><subfield code="b">eng</subfield><subfield code="c">NPX</subfield><subfield code="d">NPU</subfield><subfield code="d">DLC</subfield><subfield code="d">MGN</subfield><subfield code="d">CNW</subfield><subfield code="d">CNK</subfield><subfield code="d">OCL</subfield><subfield code="d">DLC</subfield><subfield code="d">OCLCQ</subfield><subfield code="d">OCLCA</subfield><subfield code="d">OCLCF</subfield></datafield><datafield ind1="1" ind2=" " tag="029"><subfield code="a">AU@</subfield><subfield code="b">000020225974</subfield></datafield><datafield ind1=" " ind2=" " tag="042"><subfield code="a">pcc</subfield></datafield><datafield ind1=" " ind2=" " tag="043"><subfield code="a">n-us-ma</subfield></datafield><datafield ind1="0" ind2="0" tag="050"><subfield code="a">Newspaper</subfield></datafield><datafield ind1="0" ind2=" " tag="130"><subfield code="a">Lowell daily courier (Lowell, Mass. : 1861)</subfield></datafield><datafield ind1="1" ind2="4" tag="245"><subfield code="a">The Lowell daily courier.</subfield></datafield><datafield ind1=" " ind2=" " tag="260"><subfield code="a">Lowell, Mass. :</subfield><subfield code="b">Stone &amp; Huse</subfield></datafield><datafield ind1=" " ind2=" " tag="300"><subfield code="a">v.</subfield></datafield><datafield ind1=" " ind2=" " tag="310"><subfield code="a">Daily (except Sunday)</subfield></datafield><datafield ind1="0" ind2=" " tag="362"><subfield code="a">Vol. 26, no. 6252 (Jan. 1, 1861)-Feb. 28, 1906.</subfield></datafield><datafield ind1=" " ind2=" " tag="580"><subfield code="a">Merged with: Lowell daily citizen (Lowell, Mass. : 1861), to form: Lowell courier-citizen (Lowell, Mass. : Morning ed.), and: Lowell courier-citizen (Lowell, Mass. : Evening ed.).</subfield></datafield><datafield ind1=" " ind2=" " tag="580"><subfield code="a">Weekly ed.: Lowell weekly journal, 1861-1904.</subfield></datafield><datafield ind1=" " ind2="0" tag="651"><subfield code="a">Lowell (Mass.)</subfield><subfield code="v">Newspapers.</subfield></datafield><datafield ind1=" " ind2="7" tag="655"><subfield code="a">Newspapers.</subfield><subfield code="2">fast</subfield><subfield code="0">(OCoLC)fst01423814</subfield></datafield><datafield ind1=" " ind2="7" tag="651"><subfield code="a">Massachusetts</subfield><subfield code="z">Lowell.</subfield><subfield code="2">fast</subfield><subfield code="0">(OCoLC)fst01204704</subfield></datafield><datafield ind1=" " ind2=" " tag="752"><subfield code="a">United States</subfield><subfield code="b">Massachusetts</subfield><subfield code="c">Middlesex</subfield><subfield code="d">Lowell.</subfield></datafield><datafield ind1="1" ind2=" " tag="775"><subfield code="t">Lowell weekly journal</subfield><subfield code="w">(DLC)sn 83020122</subfield><subfield code="w">(OCoLC)9295453</subfield></datafield><datafield ind1="0" ind2="0" tag="780"><subfield code="t">Lowell daily journal and courier</subfield><subfield code="w">(DLC)sn 83020096</subfield><subfield code="w">(OCoLC)9267079</subfield></datafield><datafield ind1="1" ind2="7" tag="785"><subfield code="t">Lowell daily citizen (Lowell, Mass. : 1861)</subfield><subfield code="w">(DLC)sn 83020211</subfield><subfield code="w">(OCoLC)9291014</subfield></datafield><datafield ind1="1" ind2="7" tag="785"><subfield code="t">Lowell courier-citizen (Lowell, Mass. : Morning ed.)</subfield><subfield code="w">(DLC)sn 89062323</subfield></datafield><datafield ind1="1" ind2="7" tag="785"><subfield code="t">Lowell courier-citizen (Lowell, Mass. : Evening ed.)</subfield><subfield code="w">(DLC)sn 89062324</subfield></datafield></record>